<record><leader>00000cas a22000001a 4500</leader><controlfield tag="001">32830502</controlfield><controlfield tag="007">hd afu---baca</controlfield><controlfield tag="007">hd bfu---baaa</controlfield><controlfield tag="008">950717d18171845nyucr nea     0    0eng d</controlfield><datafield ind1=" " ind2=" " tag="010"><subfield code="a">sn 94093294 </subfield></datafield><datafield ind1=" " ind2=" " tag="040"><subfield code="a">NN</subfield><subfield code="b">eng</subfield><subfield code="c">RQM</subfield><subfield code="d">OCL</subfield><subfield code="d">OCLCG</subfield><subfield code="d">OCLCQ</subfield><subfield code="d">OCLCF</subfield><subfield code="d">OCLCO</subfield><subfield code="d">OCLCQ</subfield></datafield><datafield ind1=" " ind2=" " tag="012"><subfield code="i">9507</subfield></datafield><datafield ind1=" " ind2=" " tag="042"><subfield code="a">msc</subfield></datafield><datafield ind1=" " ind2=" " tag="043"><subfield code="a">n-us-ny</subfield></datafield><datafield ind1="0" ind2=" " tag="130"><subfield code="a">Albany gazette (Albany, N.Y. : 1817)</subfield></datafield><datafield ind1="1" ind2="4" tag="245"><subfield code="a">The Albany gazette.</subfield></datafield><datafield ind1=" " ind2=" " tag="260"><subfield code="a">Albany [N.Y.] :</subfield><subfield code="b">William L. Stone, for Websters, Skinners &amp; Co.</subfield></datafield><datafield ind1=" " ind2=" " tag="300"><subfield code="a">volumes ;</subfield><subfield code="c">51-54 cm</subfield></datafield><datafield ind1=" " ind2=" " tag="310"><subfield code="a">Semiweekly</subfield></datafield><datafield ind1=" " ind2=" " tag="336"><subfield code="a">text</subfield><subfield code="b">txt</subfield><subfield code="2">rdacontent</subfield></datafield><datafield ind1=" " ind2=" " tag="337"><subfield code="a">microform</subfield><subfield code="b">h</subfield><subfield code="2">rdamedia</subfield></datafield><datafield ind1=" " ind2=" " tag="338"><subfield code="a">microfilm reel</subfield><subfield code="b">hd</subfield><subfield code="2">rdacarrier</subfield></datafield><datafield ind1="1" ind2=" " tag="362"><subfield code="a">Began Mar. 31, 1817; ceased in 1845.</subfield></datafield><datafield ind1=" " ind2=" " tag="500"><subfield code="a">Imprint varies: William L. Stone, for Websters, Skinners &amp; Co., 1817-1818; Published for Websters &amp; Skinners, 1818-1819; Printed by Websters &amp; Skinners, 1819-1822; Printed by Charles R. &amp; George Webster, 1822-1823; Printed at the Bookstore, 1823; Martin, Hunter &amp; Ryckman, 1823-&lt;1826&gt;; Hunter &amp; Ryckman, &lt;1826&gt;-1830; G.W. Ryckman &amp; Co., 1830-1831; Martin, Hunter &amp; Co., &lt;1831&gt;; J.B. Van Schaick &amp; Co., &lt;1835-1836&gt;; Otis Bishop, &lt;1837&gt;; Elisha W. &amp; Charles Skinner, &lt;1838&gt;-1845.</subfield></datafield><datafield ind1=" " ind2=" " tag="500"><subfield code="a">Printer: Theodore V.W. Gould, 1817-1819.</subfield></datafield><datafield ind1=" " ind2=" " tag="500"><subfield code="a">Proprietor: Rensselaer Van Rensselaer, &lt;1837&gt;.</subfield></datafield><datafield ind1=" " ind2=" " tag="580"><subfield code="a">Weekly eds.: Albany Whig, &lt;1834-1835&gt;; Voice of the people and Albany Whig, &lt;1837&gt;; Albany weekly gazette, &lt;1838&gt;-1845.</subfield></datafield><datafield ind1=" " ind2=" " tag="588"><subfield code="a">Description based on: Vol. 34, no. 3176 (May 1, 1817).</subfield></datafield><datafield ind1=" " ind2=" " tag="533"><subfield code="a">Microfilm.</subfield><subfield code="m">1818-1844:[Gaps]</subfield><subfield code="b">New York :</subfield><subfield code="c">New York Public Library,</subfield><subfield code="d">1988.</subfield><subfield code="e">5 microfilm reels ; 35 mm.</subfield></datafield><datafield ind1=" " ind2="0" tag="651"><subfield code="a">Albany (N.Y.)</subfield><subfield code="v">Newspapers.</subfield></datafield><datafield ind1=" " ind2="0" tag="651"><subfield code="a">Albany County (N.Y.)</subfield><subfield code="v">Newspapers.</subfield></datafield><datafield ind1=" " ind2="7" tag="651"><subfield code="a">New York (State)</subfield><subfield code="z">Albany.</subfield><subfield code="2">fast</subfield><subfield code="0">(OCoLC)fst01225716</subfield></datafield><datafield ind1=" " ind2="7" tag="651"><subfield code="a">New York (State)</subfield><subfield code="z">Albany County.</subfield><subfield code="2">fast</subfield><subfield code="0">(OCoLC)fst01210357</subfield></datafield><datafield ind1=" " ind2="7" tag="655"><subfield code="a">Newspapers.</subfield><subfield code="2">fast</subfield><subfield code="0">(OCoLC)fst01423814</subfield></datafield><datafield ind1="1" ind2=" " tag="700"><subfield code="a">Stone, William L.</subfield><subfield code="q">(William Leete),</subfield><subfield code="d">1792-1844.</subfield></datafield><datafield ind1="1" ind2=" " tag="700"><subfield code="a">Webster, Charles Richard,</subfield><subfield code="d">1762-1834.</subfield></datafield><datafield ind1="1" ind2=" " tag="700"><subfield code="a">Webster, George,</subfield><subfield code="d">1762-1823.</subfield></datafield><datafield ind1="1" ind2=" " tag="700"><subfield code="a">Skinner, Elisha Webster,</subfield><subfield code="d">1780-1863.</subfield></datafield><datafield ind1="1" ind2=" " tag="700"><subfield code="a">Skinner, Hezekiah,</subfield><subfield code="d">1784-1833.</subfield></datafield><datafield ind1="1" ind2=" " tag="700"><subfield code="a">Skinner, Daniel,</subfield><subfield code="d">1788-1828.</subfield></datafield><datafield ind1="1" ind2=" " tag="700"><subfield code="a">Gould, Theodore V. W.</subfield></datafield><datafield ind1=" " ind2=" " tag="752"><subfield code="a">United States</subfield><subfield code="b">New York</subfield><subfield code="c">Albany</subfield><subfield code="d">Albany.</subfield></datafield><datafield ind1="0" ind2=" " tag="775"><subfield code="t">Albany gazette &amp; daily advertiser</subfield></datafield><datafield ind1="0" ind2=" " tag="775"><subfield code="t">Albany daily advertiser (Albany, N.Y. : 1822)</subfield></datafield><datafield ind1="1" ind2=" " tag="775"><subfield code="t">Albany Whig</subfield></datafield><datafield ind1="1" ind2=" " tag="775"><subfield code="t">Voice of the people and Albany Whig</subfield></datafield><datafield ind1="1" ind2=" " tag="775"><subfield code="t">Albany weekly gazette</subfield></datafield><datafield ind1="1" ind2=" " tag="776"><subfield code="c">Original</subfield><subfield code="w">(DLC)sn 83030890</subfield></datafield><datafield ind1="0" ind2="0" tag="780"><subfield code="t">Albany gazette, for the country</subfield></datafield><datafield ind1=" " ind2=" " tag="850"><subfield code="a">NN</subfield><subfield code="a">NN (master)</subfield></datafield><datafield ind1="1" ind2=" " tag="029"><subfield code="a">AU@</subfield><subfield code="b">000025851361</subfield></datafield></record>